@inproceedings{ma2018query,
	title="Query Independent Scholarly Article Ranking",
	author="Shuai {Ma} and Chen {Gong} and Renjun {Hu} and Dongsheng {Luo} and Chunming {Hu} and Jinpeng {Huai}",
	booktitle="ICDE 2018: 34th IEEE International Conference on Data Engineering",
	year="2018"
}
@inproceedings{sinha2015overview,
  title={An overview of microsoft academic service (mas) and applications},
  author={Sinha, Arnab and Shen, Zhihong and Song, Yang and Ma, Hao and Eide, Darrin and Hsu, Bo-june Paul and Wang, Kuansan},
  booktitle={Proceedings of the 24th international conference on world wide web},
  pages={243--246},
  year={2015},
  organization={ACM}
}

@misc{googlescholar,
  title = {Google Scholar},
  howpublished = "\url{https://scholar.google.com/}",
}


@misc{semantic,
  title = {Semantic Scholar},
  howpublished = "\url{https://www.semanticscholar.org/}",
}

@inproceedings{li2006citeseerx,
	title="CiteSeerx: an architecture and web service design for an academic document search engine",
	author="Huajing {Li} and Isaac G. {Councill} and Wang-Chien {Lee} and C. Lee {Giles}",
	booktitle="Proceedings of the 15th international conference on World Wide Web",
	pages="883--884",
	year="2006"
}

@inproceedings{tang2008arnetminer,
	title="ArnetMiner: extraction and mining of academic social networks",
	author="Jie {Tang} and Jing {Zhang} and Limin {Yao} and Juanzi {Li} and Li {Zhang} and Zhong {Su}",
	booktitle="Proceedings of the 14th ACM SIGKDD international conference on Knowledge discovery and data mining",
	pages="990--998",
	year="2008"
}

@inproceedings{tan2016acemap,
	title="AceMap: A Novel Approach towards Displaying Relationship among Academic Literatures",
	author="Zhaowei {Tan} and Changfeng {Liu} and Yuning {Mao} and Yunqi {Guo} and Jiaming {Shen} and Xinbing {Wang}",
	booktitle="WWW '16 Companion Proceedings of the 25th International Conference Companion on World Wide Web",
	pages="437--442",
	year="2016"
}
